@Misc{PeLoVir,
	title = {PeLoVir},
	howpublished = {\url{http://idcmskispi.uzh.ch/lenya/kispi/live/af/ForschungLehre/RehabResearchGroup/Projects/PeLoVIR_en.html}},
	year = {2010},
}