Automatically generated by Mendeley Desktop 1.15
Any changes to this file will be lost if it is regenerated by Mendeley.

BibTeX export options can be customized via Options -> BibTeX in Mendeley Desktop

@misc{LHS_website,
author = {{LHS S.A.}},
title = {http://www.lhs-sa.ch/},
url = {http://www.lhs-sa.ch/},
urldate = {2015-10-05}
}
