Automatically generated by Mendeley Desktop 1.15
Any changes to this file will be lost if it is regenerated by Mendeley.

BibTeX export options can be customized via Options -> BibTeX in Mendeley Desktop

@article{Jay_RT_ModelingEffectsDelayedHaptic,
annote = {{\'{E}}tude men{\'{e}}e pour savoir la latence maximum possible avant qu'un utilisateur la d{\'{e}}tecte utilisant plusieurs modalit{\'{e}}.
-50 ms pour la vue
-25 ms pour le touch{\'{e}} (non d{\'{e}}tect{\'{e}} par l'utilisateur mais augmentation des erreures).},
author = {Jay, Caroline and Glencross, Mashhuda and Hubbold, Roger},
doi = {10.1145/1275511.1275514},
file = {:C$\backslash$:/Users/Nicolas/Dropbox/TM/Documents/R{\'{e}}f{\'{e}}rences/Analyse{\_}RT{\_}Jay{\_}ModelingEffectsDelayedHaptic.pdf:pdf},
issn = {10730516},
journal = {ACM Transactions on Computer-Human Interaction},
keywords = {Distributed Collaboration,Haptics,Human Factors,Latency,Measurement,Performance,Virtual environments},
mendeley-tags = {Distributed Collaboration,Haptics,Human Factors,Latency,Measurement,Performance,Virtual environments},
number = {2},
pages = {34},
title = {{Modeling the effects of delayed haptic and visual feedback in a collaborative virtual environment}},
url = {http://portal.acm.org/citation.cfm?doid=1275511.1275514},
volume = {14},
year = {2007}
}
@article{Agus2003,
abstract = {Bone dissection is an important component of many sur- gical procedures. In this paper, we discuss adaptive tech- niques for providing real-time haptic and visual feedback during a virtual bone dissection simulation. The simulator is being developed as a component of a training system for temporal bone surgery. We harness the difference in com- plexity and frequency requirements of the visual and hap- tic simulations by modeling the system as a collection of loosely coupled concurrent components. The haptic com- ponent exploits a multi-resolution representation of the first two moments of the bone characteristic function to rapidly compute contact forces and determine bone erosion. The visual component uses a time-critical particle system evo- lution method to simulate secondary visual effects, such as bone debris accumulation, blooding, irrigation, and suc- tion.},
annote = {Syst{\`{e}}me temps r{\'{e}}el avec feedback haptique et visuel (en parallel)

Pour entra{\^{\i}}ner {\`{a}} la dissection d'os

Utilise des voxels

Explique les shader utilis{\'{e}} et leur impl{\'{e}}mentation pour le rendu en temps r{\'{e}}el.

{\&}quot;The force feedback loop is running at 1 kHz.
{\&}quot;The computation needed for force evaluation and bone erosion takes typically 20ms, and less than 200ms in the worst-case conguration.{\&}quot;},
author = {Agus, Marco and Giachetti, Andrea and Gobbetti, Enrico and Zanetti, Gianluigi and Zorcolo, Antonio},
doi = {10.1109/VR.2002.996524},
file = {:C$\backslash$:/Users/Nicolas/Dropbox/TM/Documents/R{\'{e}}f{\'{e}}rences/Analyse{\_}RT{\_}Agus{\_}RTHapticVisualSimulationBoneDissection.pdf:pdf},
isbn = {0-7695-1492-8},
issn = {1054-7460},
journal = {Presence},
keywords = {Medical simulation,force feedback,temporal bone surgery},
number = {1},
pages = {110--122},
title = {{Real-time haptic and visual simulation of bone dissection}},
url = {http://www.mitpressjournals.org/doi/abs/10.1162/105474603763835378},
volume = {12},
year = {2003}
}
@article{Agus2003,
abstract = {Bone dissection is an important component of many sur- gical procedures. In this paper, we discuss adaptive tech- niques for providing real-time haptic and visual feedback during a virtual bone dissection simulation. The simulator is being developed as a component of a training system for temporal bone surgery. We harness the difference in com- plexity and frequency requirements of the visual and hap- tic simulations by modeling the system as a collection of loosely coupled concurrent components. The haptic com- ponent exploits a multi-resolution representation of the first two moments of the bone characteristic function to rapidly compute contact forces and determine bone erosion. The visual component uses a time-critical particle system evo- lution method to simulate secondary visual effects, such as bone debris accumulation, blooding, irrigation, and suc- tion.},
annote = {Syst{\`{e}}me temps r{\'{e}}el avec feedback haptique et visuel (en parallel)

Pour entra{\^{\i}}ner {\`{a}} la dissection d'os

Utilise des voxels

Explique les shader utilis{\'{e}} et leur impl{\'{e}}mentation pour le rendu en temps r{\'{e}}el.

Aucune autre info (pas de temps donn{\'{e}}, ni info sur l'haptique en temps r{\'{e}}el)},
author = {Agus, Marco and Giachetti, Andrea and Gobbetti, Enrico and Zanetti, Gianluigi and Zorcolo, Antonio},
doi = {10.1109/VR.2002.996524},
file = {:C$\backslash$:/Users/Nicolas/Dropbox/TM/Documents/R{\'{e}}f{\'{e}}rences/Analyse{\_}RT{\_}Agus{\_}RTHapticVisualSimulationBoneDissection.pdf:pdf},
isbn = {0-7695-1492-8},
issn = {1054-7460},
journal = {Presence},
keywords = {Medical simulation,force feedback,temporal bone surgery},
number = {1},
pages = {110--122},
title = {{Real-time haptic and visual simulation of bone dissection}},
url = {http://www.mitpressjournals.org/doi/abs/10.1162/105474603763835378},
volume = {12},
year = {2003}
}
@article{Rosell2005,
annote = {Simple stylo 3D avec rendu 3D sur un {\'{e}}cran {\'{e}}t retour de force.
={\&}gt; Multimodal (vue et toucher)
={\&}gt; 1-6 ms de calcul},
author = {Rosell, Jan and Israel, V},
file = {:C$\backslash$:/Users/Nicolas/Dropbox/TM/Documents/R{\'{e}}f{\'{e}}rences/Analyse{\_}RT{\_}Rosell{\_}SimpleStylo3DAvecRenduEtRetourDeForce.pdf:pdf},
isbn = {078038914X},
number = {April},
pages = {4223--4228},
title = {{Haptic Rendering of Compliant Motions using Contact Tracking in C -space ∗}},
year = {2005}
}
@article{Jay_RT_ModelingEffectsDelayedHaptic,
annote = {{\'{E}}tude men{\'{e}}e pour savoir la latence maximum possible avant qu'un utilisateur la d{\'{e}}tecte utilisant plusieurs modalit{\'{e}}.
-50 ms pour la vue
-25 ms pour le touch{\'{e}} (non d{\'{e}}tect{\'{e}} par l'utilisateur mais augmentation des erreures).},
author = {Jay, Caroline and Glencross, Mashhuda and Hubbold, Roger},
doi = {10.1145/1275511.1275514},
file = {:C$\backslash$:/Users/Nicolas/Dropbox/TM/Documents/R{\'{e}}f{\'{e}}rences/Analyse{\_}RT{\_}Jay{\_}ModelingEffectsDelayedHaptic.pdf:pdf},
issn = {10730516},
journal = {ACM Transactions on Computer-Human Interaction},
keywords = {Distributed Collaboration,Haptics,Human Factors,Latency,Measurement,Performance,Virtual environments},
mendeley-tags = {Distributed Collaboration,Haptics,Human Factors,Latency,Measurement,Performance,Virtual environments},
number = {2},
pages = {34},
title = {{Modeling the effects of delayed haptic and visual feedback in a collaborative virtual environment}},
url = {http://portal.acm.org/citation.cfm?doid=1275511.1275514},
volume = {14},
year = {2007}
}
@inproceedings{Latoschik_GeneralFrameworkMultimodalVR,
abstract = {This article presents a modular approach to incorporate multi-modal – gesture and speech – driven interaction into virtual reality systems. Based on existing techniques for modelling VR- applications, the overall task is separated into different problem categories: from sensor synchronisation to a high-level description of cross-modal temporal and semantic coherences , a set of solution concepts is presented that seamlessly fit into both the static (scenegraph- based) representation and into the dynamic (render-loop and immersion) aspects of a real- time application. The developed framework establishes a connecting layer between raw sensor data and a general functional description of multi-modal and scene-context related evaluation procedures for VR-setups. As an example for the concepts usefulness, their implementation in a system for virtual construction is described. Introduction},
author = {{Latoschik, Erich}, Marc},
file = {:C$\backslash$:/Users/Nicolas/Dropbox/TM/Documents/R{\'{e}}f{\'{e}}rences/Analyse{\_}RT{\_}The Future of VR and AR Interfaces.pdf:pdf},
isbn = {3884579754},
number = {July},
pages = {21--25},
title = {{A General Framework for Multi-Modal Interaction in Virtual Reality Systems: PrOSA}},
year = {2001}
}
