Automatically generated by Mendeley Desktop 1.15
Any changes to this file will be lost if it is regenerated by Mendeley.

BibTeX export options can be customized via Options -> BibTeX in Mendeley Desktop

@article{InformationHeminegligence,
author = {{Institution de LAVIGNY}},
file = {:C$\backslash$:/Users/Nicolas/Dropbox/TM/Documents/R{\'{e}}f{\'{e}}rences/Lexique{\_}Heminegligence.pdf:pdf},
title = {{INFORMATION AUX PATIENTS L â€™ h{\'{e}}min{\'{e}}gligence}}
}
@misc{LHS_website,
author = {{LHS S.A.}},
title = {http://www.lhs-sa.ch/},
url = {http://www.lhs-sa.ch/},
urldate = {2016-01-12}
}
