Automatically generated by Mendeley Desktop 1.15
Any changes to this file will be lost if it is regenerated by Mendeley.

BibTeX export options can be customized via Options -> BibTeX in Mendeley Desktop

@misc{3PointsLightning,
author = {Birn, Jeremy},
title = {{Three-Point Lighting for 3D Renderings}},
url = {http://www.3drender.com/light/3point.html},
urldate = {2016-01-23},
year = {2007}
}
@misc{colorDiff,
author = {Wikip{\'{e}}dia},
title = {{Color Diff{\'{e}}rence}},
url = {https://en.wikipedia.org/wiki/Color{\_}difference},
urldate = {2016-01-14},
year = {2015}
}
@misc{UnityMVC,
author = {{Dias Da Costa}, Eduoardo},
title = {{Unity with MCV}},
url = {http://www.toptal.com/unity-unity3d/unity-with-mvc-how-to-level-up-your-game-development},
urldate = {2016-01-22},
year = {2015}
}
@misc{UnityMovieTexture,
author = {Unity},
title = {{Movie Texture}},
url = {http://docs.unity3d.com/Manual/class-MovieTexture.html},
urldate = {2016-01-23},
year = {2015}
}
@misc{UnityNormalMap,
author = {Unity},
title = {{Normal map (Bump mapping)}},
url = {http://docs.unity3d.com/Manual/StandardShaderMaterialParameterNormalMap.html},
urldate = {2016-01-23},
year = {2015}
}
@misc{UnityUISystemInVR,
author = {Borrell, Andy},
title = {{Unity's UI System in VR}},
url = {https://developer.oculus.com/blog/unitys-ui-system-in-vr/},
urldate = {2016-01-23},
year = {2015}
}
@misc{UnityVector3Slerp,
author = {Unity},
title = {{Vector3.Slerp}},
url = {http://docs.unity3d.com/ScriptReference/Vector3.Slerp.html},
urldate = {2016-01-23},
year = {2015}
}
@misc{Unity50Tips,
author = {Tulleken, Herman},
title = {{50 Tips for Working with Unity}},
url = {http://devmag.org.za/2012/07/12/50-tips-for-working-with-unity-best-practices/},
urldate = {2016-01-22},
year = {2012}
}
@misc{ReplaceSplatmap_sourceWebsite,
author = {{World Machine Software}},
title = {{Terrain export from World Machine to Unity}},
url = {https://www.world-machine.com/learn.php?page=workflow{\&}workflow=wfunity},
urldate = {2016-01-28},
year = {2015}
}
@misc{RawMocapData_assetStorePage,
author = {Unity},
title = {{Raw Mocap Data for Mecanim}},
url = {https://www.assetstore.unity3d.com/en/{\#}!/content/5330},
urldate = {2016-01-27}
}
