Automatically generated by Mendeley Desktop 1.14
Any changes to this file will be lost if it is regenerated by Mendeley.

BibTeX export options can be customized via Options -> BibTeX in Mendeley Desktop

@misc{colorDiff,
author = {Wikip\'{e}dia},
title = {{Color Diff\'{e}rence}},
url = {https://en.wikipedia.org/wiki/Color\_difference},
urldate = {14.01.2016},
year = {2015}
}
