Automatically generated by Mendeley Desktop 1.14
Any changes to this file will be lost if it is regenerated by Mendeley.

BibTeX export options can be customized via Options -> BibTeX in Mendeley Desktop

@misc{Microsoft_StrokeRecovery,
author = {{Microsoft Research}},
pages = {1},
title = {http://research.microsoft.com/en-us/projects/stroke-recovery-with-kinect/},
url = {http://research.microsoft.com/en-us/projects/stroke-recovery-with-kinect/},
urldate = {2015-10-05},
year = {2015}
}
