Automatically generated by Mendeley Desktop 1.15
Any changes to this file will be lost if it is regenerated by Mendeley.

BibTeX export options can be customized via Options -> BibTeX in Mendeley Desktop

@article{Steinisch_PassiveRobot,
annote = {Imagerie m{\'{e}}dicale pour voir l'effet d'un robot passif et la VR.

Source non utilis{\'{e}}e.},
author = {Steinisch, M. and Tana, Maria Gabriella and Comani, S.},
doi = {10.1515/bmt-2012-4160},
file = {:C$\backslash$:/Users/Nicolas/Dropbox/TM/Documents/R{\'{e}}f{\'{e}}rences/18{\_}[111]{\_}Steinisck{\_}PassiveRobot.pdf:pdf},
isbn = {00135585 (ISSN)},
issn = {00135585},
journal = {Biomedizinische Technik},
number = {SUPPL. 1},
pages = {841--844},
pmid = {22962130},
title = {{A passive robotic device for VR-augmented upper limb rehabilitation in stroke patients}},
volume = {57},
year = {2012}
}
@article{Saposnik_VR4StrokeRehab,
abstract = {Approximately two thirds of stroke survivors continue to experience motor deficits of the arm resulting in diminished quality of life. Conventional rehabilitation provides modest and sometimes delayed effects. Virtual reality (VR) technology is a novel adjunctive therapy that could be applied in neurorehabilitation. We performed a meta-analysis to determine the added benefit of VR technology on arm motor recovery after stroke.},
annote = {Utilis{\'{e}} pour l'intro de {\&}quot;Simulation 3D en neuropsychologie et neuro-r{\'{e}}habilitation apr{\`{e}}s un AVC{\&}quot; dans l'{\'{e}}tat de l'art.

M{\'{e}}ta-analyse sur 12 {\'{e}}tudes ={\&}gt; 195 participants qui a montr{\'{e}} que l'ajout d'exercices de VR dans une th{\'{e}}rapie augmente son efficacit{\'{e}}.},
author = {Saposnik, Gustavo and Levin, Mindy},
doi = {10.1161/STROKEAHA.110.605451},
file = {:C$\backslash$:/Users/Nicolas/Dropbox/TM/Documents/R{\'{e}}f{\'{e}}rences/15{\_}[57]{\_}VR4StrokeRehab.pdf:pdf},
isbn = {1524-4628 (Electronic)$\backslash$r0039-2499 (Linking)},
issn = {00392499},
journal = {Stroke},
keywords = {outcomes,randomized controlled trials,rehabilitation,stroke recovery,virtual reality},
number = {5},
pages = {1380--1386},
pmid = {21474804},
title = {{Virtual reality in stroke rehabilitation: A meta-analysis and implications for clinicians}},
volume = {42},
year = {2011}
}
@article{Rizzo_analysisVRApplication,
annote = {Liste des avantages de la VR en neuropsychologie (list{\'{e}} {\&}quot;tel quel{\&}quot; dans l'intro de la section concern{\'{e}}e dans SoA)},
author = {Rizzo, Albert A. and Schultheis, Maria and Kerns, Kimberly A. and Mateer, Catherine},
doi = {10.1080/09602010343000183},
file = {:C$\backslash$:/Users/Nicolas/Dropbox/TM/Documents/R{\'{e}}f{\'{e}}rences/13{\_}[45]{\_}Rizzo et al{\_} Analysis of assets for VR app in neuropsychology.pdf:pdf},
isbn = {1092-8529},
issn = {1092-8529},
journal = {Neuropsychological rehabilitation},
number = {1},
pages = {207--239},
pmid = {16400254},
title = {{Analysis of assets for virtual reality application in neuropsychology}},
volume = {14},
year = {2004}
}
@article{Witmer_MeasuringPresence,
annote = {Utilis{\'{e}} dans l'analyse (Game concept - points important)

4 facteurs cl{\'{e}}s d{\'{e}}terminant la pr{\'{e}}sence.
-Facteur sensoriel
-Facteur de contr{\^{o}}le
-Facteur de distraction
-Facteur de r{\'{e}}alisme},
author = {Witmer, B G and Singer, M J},
file = {:C$\backslash$:/Users/Nicolas/Dropbox/TM/Documents/R{\'{e}}f{\'{e}}rences/L2{\_}1{\_}Witmer{\_}MeasuringPresence.pdf:pdf},
keywords = {Environment},
number = {October},
title = {{Measuring presence in virtual environments}},
volume = {ARI techni},
year = {1994}
}
