Automatically generated by Mendeley Desktop 1.15
Any changes to this file will be lost if it is regenerated by Mendeley.

BibTeX export options can be customized via Options -> BibTeX in Mendeley Desktop

@article{Green_ExercisingBrain,
annote = {Parle de la neuroplasticity du cerveau et des conditions pour maximiser l'apprentissage.
Cit{\'{e}} dans le {\&}quot;Game flow - exp{\'{e}}rience optimale{\&}quot;},
author = {Green, C. S. and Bevelier, D.},
doi = {10.1037/a0014345},
file = {:C$\backslash$:/Users/Nicolas/Dropbox/TM/Documents/R{\'{e}}f{\'{e}}rences/18{\_}[37]{\_}Green{\_}ExercisingBrain.pdf:pdf},
journal = {NIH},
number = {4},
pages = {692--701},
title = {{Exercising Your Brain: A Review of Human Brain Plasticity and Training-Induced Learning}},
volume = {23},
year = {2010}
}
@article{Grefkes_CorticalReorganization,
annote = {Utilis{\'{e}} dans l'intro de {\&}quot;Simulation 3D ...{\&}quot; dans l'{\'{e}}tat de l'art},
author = {Grefkes, C. and Ward, N. S.},
doi = {10.1177/1073858413491147},
file = {:C$\backslash$:/Users/Nicolas/AppData/Local/Mendeley Ltd./Mendeley Desktop/Downloaded/Grefkes, Ward - 2013 - Cortical Reorganization After Stroke How Much and How Functional.pdf:pdf},
isbn = {1073858413},
issn = {1073-8584},
journal = {The Neuroscientist},
keywords = {connectivity,epidemiology and causes,fmri,functional neuroimaging,motor system,neurological disease in industrialized,stroke,stroke is a common,tms,transcaranial magnetic stimulation},
number = {1},
pages = {56--70},
title = {{Cortical Reorganization After Stroke: How Much and How Functional?}},
url = {http://nro.sagepub.com/cgi/doi/10.1177/1073858413491147},
volume = {20},
year = {2013}
}
