Automatically generated by Mendeley Desktop 1.14
Any changes to this file will be lost if it is regenerated by Mendeley.

BibTeX export options can be customized via Options -> BibTeX in Mendeley Desktop

@article{Fell_ProgressingTherapeuticInvervention,
annote = {\'{E}l\'{e}ments cl\'{e}s de l'apprentissage moteur},
author = {Fell, Dennis W},
file = {:C$\backslash$:/Users/Nicolas/Dropbox/TM/Documents/R\'{e}f\'{e}rences/16\_[15]\_ProgressingTherapeuticIntervention.pdf:pdf},
journal = {Journal of Neurological Physical Therapy},
keywords = {cise therapy,clinical decisions,exer-,intervention,neuromuscular diseases,progression,progressive},
number = {1},
pages = {35--46},
title = {{Progressing Therapeutic Intervention in Patients with Neuromuscular Disorders : A Framework to Assist Clinical Decision Making}},
volume = {28},
year = {2004}
}
