Automatically generated by Mendeley Desktop 1.14
Any changes to this file will be lost if it is regenerated by Mendeley.

BibTeX export options can be customized via Options -> BibTeX in Mendeley Desktop

@article{Green_ExercisingBrain,
author = {Green, C. S. and Bevelier, D.},
doi = {10.1037/a0014345},
file = {:C$\backslash$:/Users/Nicolas/Dropbox/TM/Documents/R\'{e}f\'{e}rences/18\_[37]\_Green\_ExercisingBrain.pdf:pdf},
journal = {NIH},
number = {4},
pages = {692--701},
title = {{Exercising Your Brain: A Review of Human Brain Plasticity and Training-Induced Learning}},
volume = {23},
year = {2010}
}
