Automatically generated by Mendeley Desktop 1.14
Any changes to this file will be lost if it is regenerated by Mendeley.

BibTeX export options can be customized via Options -> BibTeX in Mendeley Desktop

@article{Jay_RT_ModelingEffectsDelayedHaptic,
author = {Jay, Caroline and Glencross, Mashhuda and Hubbold, Roger},
doi = {10.1145/1275511.1275514},
file = {:C$\backslash$:/Users/nicolas.wenk/AppData/Local/Mendeley Ltd./Mendeley Desktop/Downloaded/Jay, Glencross, Hubbold - 2007 - Modeling the effects of delayed haptic and visual feedback in a collaborative virtual environment.pdf:pdf},
issn = {10730516},
journal = {ACM Transactions on Computer-Human Interaction},
keywords = {Distributed Collaboration,Haptics,Human Factors,Latency,Measurement,Performance,Virtual environments},
mendeley-tags = {Distributed Collaboration,Haptics,Human Factors,Latency,Measurement,Performance,Virtual environments},
number = {2},
pages = {34},
title = {{Modeling the effects of delayed haptic and visual feedback in a collaborative virtual environment}},
url = {http://portal.acm.org/citation.cfm?doid=1275511.1275514},
volume = {14},
year = {2007}
}
